@article{mosadegh2014pneumatic,
  title={Pneumatic networks for soft robotics that actuate rapidly},
  author={Mosadegh, Bobak and Polygerinos, Panagiotis and Keplinger, Christoph and Wennstedt, Sophia and Shepherd, Robert F and Gupta, Unmukt and Shim, Jongmin and Bertoldi, Katia and Walsh, Conor J and Whitesides, George M},
  journal={Advanced Functional Materials},
  volume={24},
  number={15},
  pages={2163--2170},
  year={2014},
  publisher={Wiley Online Library}
}
@article{ilievski2011soft,
  title={Soft robotics for chemists},
  author={Ilievski, Filip and Mazzeo, Aaron D and Shepherd, Robert F and Chen, Xin and Whitesides, George M},
  journal={Angewandte Chemie},
  volume={123},
  number={8},
  pages={1930--1935},
  year={2011},
  publisher={Wiley Online Library}

}
@inproceedings{bilodeau2015monolithic,
  title={Monolithic fabrication of sensors and actuators in a soft robotic gripper},
  author={Bilodeau, R Adam and White, Edward L and Kramer, Rebecca K},
  booktitle={Intelligent Robots and Systems (IROS), 2015 IEEE/RSJ International Conference on},
  pages={2324--2329},
  year={2015},
  organization={IEEE}
}
@article{marchese2015recipe,
  title={A recipe for soft fluidic elastomer robots},
  author={Marchese, Andrew D and Katzschmann, Robert K and Rus, Daniela},
  journal={Soft Robotics},
  volume={2},
  number={1},
  pages={7--25},
  year={2015},
  publisher={Mary Ann Liebert, Inc. 140 Huguenot Street, 3rd Floor New Rochelle, NY 10801 USA}
}
@article{martinez2013robotic,
  title={Robotic tentacles with three-dimensional mobility based on flexible elastomers},
  author={Martinez, Ramses V and Branch, Jamie L and Fish, Carina R and Jin, Lihua and Shepherd, Robert F and Nunes, Rui and Suo, Zhigang and Whitesides, George M},
  journal={Advanced Materials},
  volume={25},
  number={2},
  pages={205--212},
  year={2013},
  publisher={Wiley Online Library}
}
@article{kim2013soft,
  title={Soft robotics: a bioinspired evolution in robotics},
  author={Kim, Sangbae and Laschi, Cecilia and Trimmer, Barry},
  journal={Trends in biotechnology},
  volume={31},
  number={5},
  pages={287--294},
  year={2013},
  publisher={Elsevier}}
  
@misc{injury_statistics_tool_2017,
 title={Injury statistics tool}, 
 \url={http://www.acc.co.nz/about-acc/statistics/injury-statistics-tool/index.htm#results},
 journal={Injury statistics tool}, 
 publisher={Acc Nz}, 
 year={2017}, 
 month={Mar}}
 
 @article{martinez2014soft,
  title={Soft actuators and robots that are resistant to mechanical damage},
  author={Martinez, Ramses V and Glavan, Ana C and Keplinger, Christoph and Oyetibo, Alexis I and Whitesides, George M},
  journal={Advanced Functional Materials},
  volume={24},
  number={20},
  pages={3003--3010},
  year={2014},
  publisher={Wiley Online Library}
}


@misc{fresh_facts_2015, 
title={Fresh Facts 2015}, 
\url={http://www.freshfacts.co.nz/files/freshfacts-2015.pdf}, 
journal={Fresh Facts 2015}, 
year={2015}, 
month={Jun}}

@inproceedings{hassan2015design,
  title={Design and development of a bio-inspired, under-actuated soft gripper},
  author={Hassan, Taimoor and Manti, Mariangela and Passetti, Giovanni and d'Elia, Nicol{\`o} and Cianchetti, Matteo and Laschi, Cecilia},
  booktitle={Engineering in Medicine and Biology Society (EMBC), 2015 37th Annual International Conference of the IEEE},
  pages={3619--3622},
  year={2015},
  organization={IEEE}
}
@article{dollar2010contact,
  title={Contact sensing and grasping performance of compliant hands},
  author={Dollar, Aaron M and Jentoft, Leif P and Gao, Jason H and Howe, Robert D},
  journal={Autonomous Robots},
  volume={28},
  number={1},
  pages={65},
  year={2010},
  publisher={Springer}
}

@inproceedings{mutlu2016mechanical,
  title={Mechanical stiffness augmentation of a 3D printed soft prosthetic finger},
  author={Mutlu, Rahim and Yildiz, S Kumbay and Alici, Gursel and in het Panhuis, Marc and Spinks, Geoff M},
  booktitle={Advanced Intelligent Mechatronics (AIM), 2016 IEEE International Conference on},
  pages={7--12},
  year={2016},
  organization={IEEE}
}
@article{ceccarelli2000designing,
  title={Designing a robotic gripper for harvesting horticulture products},
  author={Ceccarelli, Marco and Figliolini, Giorgio and Ottaviano, Erika and Mata, Antonio Simon and Criado, Emilio Jimenez},
  journal={Robotica},
  volume={18},
  number={1},
  pages={105--111},
  year={2000},
  publisher={Cambridge Univ Press}
}
@article{chiu2013development,
  title={Development of the end-effector of a picking robot for greenhouse-grown tomatoes},
  author={Chiu, Yi-Chich and Yang, Pen-Yuan and Chen, Suming},
  journal={Applied Engineering in Agriculture},
  volume={29},
  number={6},
  pages={1001--1009},
  year={2013},
  publisher={American Society of Agricultural and Biological Engineers}
}
@inproceedings{hao2016universal,
  title={Universal soft pneumatic robotic gripper with variable effective length},
  author={Hao, Yufei and Gong, Zheyuan and Xie, Zhexin and Guan, Shaoya and Yang, Xingbang and Ren, Ziyu and Wang, Tianmiao and Wen, Li},
  booktitle={Control Conference (CCC), 2016 35th Chinese},
  pages={6109--6114},
  year={2016},
  organization={IEEE}
}